@inproceedings{nguyen2014decentralized,
  title={Decentralized multi-agent reinforcement learning in average-reward dynamic DCOPs},
  author={Nguyen, Duc Thien and Yeoh, William and Lau, Hoong Chuin and Zilberstein, Shlomo and Zhang, Chongjie},
  booktitle={Proceedings of the 2014 international conference on Autonomous agents and multi-agent systems},
  pages={1341--1342},
  year={2014},
  organization={International Foundation for Autonomous Agents and Multiagent Systems}
}

@inproceedings{zhang2011coordinated,
  title={Coordinated Multi-Agent Reinforcement Learning in Networked Distributed POMDPs.},
  author={Zhang, Chongjie and Lesser, Victor R},
  booktitle={AAAI},
  year={2011}
}

@inproceedings{zhang2013coordinating,
  title={Coordinating multi-agent reinforcement learning with limited communication},
  author={Zhang, Chongjie and Lesser, Victor},
  booktitle={Proceedings of the 2013 international conference on Autonomous agents and multi-agent systems},
  pages={1101--1108},
  year={2013},
  organization={International Foundation for Autonomous Agents and Multiagent Systems}
}

@inproceedings{banerjee2012sample,
  title={Sample Bounded Distributed Reinforcement Learning for Decentralized POMDPs.},
  author={Banerjee, Bikramjit and Lyle, Jeremy and Kraemer, Landon and Yellamraju, Rajesh},
  booktitle={AAAI},
  year={2012}
}

@inproceedings{kraemer2012informed,
  title={Informed Initial Policies for Learning in Dec-POMDPs.},
  author={Kraemer, Landon and Banerjee, Bikramjit},
  booktitle={AAAI},
  year={2012}
}
