@incollection{miikkulainen:wcci12,
title={Multiagent Learning through Neuroevolution},
author={Risto Miikkulainen and Eliana Feasley and Leif Johnson and Igor Karpov and Padmini Rajagopalan and Aditya Rawal and Wesley Tansey},
booktitle={Advances in Computational Intelligence},
volume={LNCS 7311},
editor={J. Liu et al.},
address={Berlin, Heidelberg:},
publisher={Springer},
pages={24-46},
url="http://nn.cs.utexas.edu/?miikkulainen:wcci12",
year={2012}
}

@article{yong:ieeetamd10, title={Coevolution of Role-Based Cooperation in Multi-Agent Systems},
author={Chern Han Yong and Risto Miikkulainen},
volume={1},
journal={IEEE Transactions on Autonomous Mental Development},
pages={170--186},
url="http://nn.cs.utexas.edu/?yong:ieeetamd10",
year={2010}
}

@InProceedings{bryant:cec03,
title={Neuroevolution for Adaptive Teams},
author={Bobby D. Bryant and Risto Miikkulainen},
booktitle={Proceedings of the 2003 Congress on Evolutionary  Computation (CEC 2003)},
address={Piscataway, NJ},
publisher={IEEE},
pages={2194-2201},
url="http://nn.cs.utexas.edu/?bryant:cec03",
year={2003}
}
